
@Inbook{hid-sp18-406-hadoop-abstract,
  author =   "Sas",
  editor =       "",
  title =        "Big Data, What it is and why it matters",
  subtitle =     "",
  series =       "",
  year =         "2015",
  volume =   "",
  address =      "",
  edition =      "",
  publisher =    "Sas",
  doi =    "",
  url =    "https://www.sas.com/en_us/insights/big-data/what-is-big-data.html",
 }

@Inbook{hid-sp18-406-hadoop-intro1,
  author =   "Infinity Consulting",
  editor =       "",
  title =        "Benefits and Importance of Hadoop",
  subtitle =     "",
  series =       "",
  year =         "2015",
  volume =   "",
  address =      "",
  edition =      "",
  publisher =    "Infinity Consulting",
  doi =    "",
  url =    "http://infinitylimited.co.uk/benefits-and-importance-of-hadoop-big-data-platform/",
}

@Inbook{hid-sp18-406-hadoop-intro2,
  author =   "Davin Lewis",
  editor =       "",
  title =        "Introduction to Hadoop",
  subtitle =     "",
  series =       "",
  year =         "2015",
  volume =   "",
  address =      "",
  edition =      "",
  publisher =    "Code club",
  doi =    "",
  url =    "http://www.abstract-thoughts.com/tech-talk/introduction-to-hadoop",
}

@Inbook{hid-sp18-406-hadoop-intro3,
  author =   "Jagadish Thaker",
  editor =       "",
  title =        "Big data Week",
  subtitle =     "",
  series =       "",
  year =         "2016",
  volume =   "",
  address =      "",
  edition =      "",
  publisher =    "BDW",
  doi =    "",
  url = "http://blog.bigdataweek.com/2016/08/01/hadoop-important-handling-big-data/",
}

@Inbook{hid-sp18-406-hadoop-intro4,
  author =   "Ritika Prasad",
  editor =       "",
  title =        "Why is hadoop important",
  subtitle =     "",
  series =       "",
  year =         "2017",
  volume =   "",
  address =      "",
  edition =      "",
  publisher =    "Quora",
  doi =    "",
  url =    "https://www.quora.com/Why-is-Hadoop-important",
}

@Inbook{hid-sp18-406-hadoop-intro5,
  author =   "Haley",
  editor =       "",
  title =        "Hadoop: What It Is And How It Works",
  subtitle =     "",
  series =       "",
  year =         "2013",
  volume =   "",
  address =      "",
  edition =      "",
  publisher =    "readwrite",
  doi =    "",
  url =    "https://readwrite.com/2013/05/23/hadoop-what-it-is-and-how-it-works/",
}
@Inbook{hid-sp18-406-hadoop-intro6,
  author =   "techopedia",
  editor =       "",
  title =        "Hadoop Yarn",
  subtitle =     "",
  series =       "",
  year =         "2017",
  volume =   "",
  address =      "",
  edition =      "",
  publisher =    "techopedia",
  doi =    "",
  url =    "https://www.techopedia.com/definition/30154/hadoop-yarn",
}
@Inbook{hid-sp18-406-hadoop-intro7,
  author =   "Horton Works",
  editor =       "",
  title =        "Apache Hadoop Yarn",
  subtitle =     "",
  series =       "",
  year =         "2014",
  volume =   "",
  address =      "",
  edition =      "",
  publisher =    "Horton Works",
  doi =    "",
  url =    "https://hortonworks.com/apache/yarn/#section_1",
}
@Inbook{hid-sp18-406-hadoop-intro8,
  author =   "Michele Nemschoff",
  editor =       "",
  title =        "Big data: 5 major advantages of Hadoop",
  subtitle =     "",
  series =       "",
  year =         "2013",
  volume =   "",
  address =      "",
  edition =      "",
  publisher =    "ITProPortal",
  doi =    "",
  url =    "https://www.itproportal.com/2013/12/20/big-data-5-major-advantages-of-hadoop/",
}
@Inbook{hid-sp18-406-hadoop-intro9,
  author =   "bmc",
  editor =       "",
  title =        "Advantages of using Hadoop",
  subtitle =     "",
  series =       "",
  year =         "2016",
  volume =   "",
  address =      "",
  edition =      "",
  publisher =    "bmc",
  doi =    "",
  url =    "http://www.bmcsoftware.in/guides/hadoop-benefits-business-case.html",
}
@Inbook{hid-sp18-406-hadoop-intro10,
  author =   "Ipsita Pattnaik",
  editor =       "",
  title =        "Advantages of using Hadoop",
  subtitle =     "",
  series =       "",
  year =         "2017",
  volume =   "",
  address =      "",
  edition =      "",
  publisher =    "e-Zest",
  doi =    "",
  url =    "http://blog.e-zest.com/advantages-of-using-hadoop",
}
@Inbook{hid-sp18-406-hadoop-intro11,
  author =   "Technavio",
  editor =       "",
  title =        "Top 5 Benefits of Using Hadoop",
  subtitle =     "",
  series =       "",
  year =         "2016",
  volume =   "",
  address =      "",
  edition =      "",
  publisher =    "technavio",
  doi =    "",
  url =    "https://www.technavio.com/blog/top-5-benefits-using-hadoop",
}
@Inbook{hid-sp18-406-hadoop-intro12,
  author =   "KnowledgeHut",
  editor =       "",
  title =        "Top Pros and Cons of Hadoop",
  subtitle =     "",
  series =       "",
  year =         "2016",
  volume =   "",
  address =      "",
  edition =      "",
  publisher =    "knowledgehut",
  doi =    "",
  url =    "https://www.knowledgehut.com/blog/bigdata-hadoop/top-pros-and-cons-of-hadoop",
 }
@Inbook{hid-sp18-406-hadoop-intro13,
  author =   "MindsMapped",
  editor =       "",
  title =        "HADOOP ADVANTAGES AND DISADVANTAGES",
  subtitle =     "",
  series =       "",
  year =         "2016",
  volume =   "",
  address =      "",
  edition =      "",
  publisher =    "mindsmapped",
  doi =    "",
  url =    "http://blogs.mindsmapped.com/bigdatahadoop/hadoop-advantages-and-disadvantages/",
}


@Misc{hid-sp18-408-Spark,
author = {Wikipedia},
title = {Apache Spark},
howpublished = {Web Page},
timestamp = {},
Url = {https://en.wikipedia.org/wiki/Apache_Spark},
}

@Misc{hid-sp18-408-Spark-RDD,
author = {Tutorials Point},
title = {Apache Spark - RDD},
howpublished = {Web Page},
timestamp = {2018},
Url = {https://www.tutorialspoint.com/apache_spark/apache_spark_rdd.htm},
}

@Misc{hid-sp18-408-Spark-Use-Case,
author = {Qubole},
title = {Top Apache Spark Use Cases},
howpublished = {Web Page},
timestamp = {2016-03-10},
Url = {https://www.qubole.com/blog/apache-spark-use-cases/},
}

@Misc{hid-sp18-408-Raspberry-Pi,
author = {Wikipedia},
title = {Raspberry Pi},
howpublished = {Web Page},
timestamp = {},
Url = {https://en.wikipedia.org/wiki/Raspberry_Pi},
}

@Misc{hid-sp18-408-Difference,
author = {Nitin Bandugula},
title = {The 5-Minute Guide to Understanding the Significance of Apache Spark},
howpublished = {Web Page},
timestamp = {},
Url = {https://mapr.com/blog/5-minute-guide-understanding-significance-apache-spark/},
}


@Misc{hid-sp18-410-spark-architecture,
  title= {Spark Architecture Overview},
  howpublished = {Web Page},
  timestamp    = {2018-04-27},
  url  = {https://mapr.com/ebooks/spark/03-apache-spark-architecture-overview.html},
}

@Misc{hid-sp18-410-spark-RDD,
  title= {Apache Spark RDD},
  howpublished = {Web Page},
  timestamp    = {2018-04-27},
  url  = {https://www.tutorialspoint.com/apache_spark/apache_spark_rdd.htm},
} 

@Misc{hid-sp18-412-wikepedia,
  title= {Docker},
  howpublished = {Web Page},
  timestamp    = {2018-04-02},
  url  = {https://en.wikipedia.org/wiki/Docker_(software)},
}

@Misc{hid-sp18-412-hadoop-architecture-overview,
  title= {Hadoop Architecture},
  howpublished = {Web Page},
  timestamp    = {2018-04-26},
  url  = {https://www.datadoghq.com/blog/hadoop-architecture-overview/},
}

@Misc{hid-sp18-412-HDFS-Architecture,
  title= {HDFS Architecture},
  howpublished = {Web Page},
  timestamp    = {2018-04-26},
  url  = {https://hadoop.apache.org/docs/current/hadoop-project-dist/hadoop-hdfs/HdfsDesign.html},
}

@Misc{hid-sp18-412-YARN_Architecture,
  title= {YARN architecture},
  howpublished = {Web Page},
  timestamp    = {2018-04-26},
  url  = {https://hadoop.apache.org/docs/current/hadoop-yarn/hadoop-yarn-site/YARN.html},
}

@Misc{hid-sp18-412-YARN_Hadoop_Internal,
  title= {YARN Internal overview},
  howpublished = {Web Page},
  timestamp    = {2018-04-26},
  url  = {http://ercoppa.github.io/HadoopInternals/HadoopArchitectureOverview.html},
}

@Misc{hid-sp18-412-docker_wikepedia,
  title= {Docker},
  howpublished = {Web Page},
  timestamp    = {2018-04-26},
  url  = {https://en.wikipedia.org/wiki/Docker_(software)},
}

@Misc{hid-sp18-412-ResourceManager_Architecture,
  title= {Resource Manager architecture},
  howpublished = {Web Page},
  timestamp    = {2018-04-26},
  url  = {https://hadoop.apache.org/docs/current/hadoop-yarn/hadoop-yarn-site/ResourceManagerHA.html},
}



