% Encoding: UTF-8
@Misc{hid-sp18-412-wikepedia,
  title= {Docker},
  howpublished = {Web Page},
  timestamp    = {2018-04-02},
  url  = {https://en.wikipedia.org/wiki/Docker_(software)},
}
