% Encoding: UTF-8
@Misc{hid-sp18-412-data_warehousing_on_aws,
  title= {Data Warehousing on AWS},
  howpublished = {Web Page},
  timestamp    = {2016-03-01},
  url  = { https://d0.awsstatic.com/whitepapers/enterprise-data-warehousing-on-aws.pdf},
}

@inproceedings{hid-sp18-412-research_problems_data_warehousing,
 author = {Widom, Jennifer},
 title = {Research Problems in Data Warehousing},
 booktitle = {Proceedings of the Fourth International Conference on Information and Knowledge Management},
 series = {CIKM '95},
 year = {1995},
 isbn = {0-89791-812-6},
 location = {Baltimore, Maryland, USA},
 pages = {25--30},
 numpages = {6},
 url = {http://doi.acm.org/10.1145/221270.221319},
 doi = {10.1145/221270.221319},
 acmid = {221319},
 publisher = {ACM},
 address = {New York, NY, USA},
} 

@Misc{hid-sp18-412-Amazon_Redshift_Official_Page,
  title= {AWS Amazon Redshift},
  howpublished = {Web Page},
  timestamp    = {2018-03-24},
  url  = {https://aws.amazon.com/redshift/},
}

@Misc{hid-sp18-412-Features_Amazon_Redshift,
  title= {AWS Amazon Redshift},
  howpublished = {Web Page},
  timestamp    = {2018-03-24},
  url  = {https://aws.amazon.com/blogs/aws/twelve-new-features-for-amazon-redshift/},
}

@Misc{hid-sp18-412-Amazon_Redshift_automated_back_ups,
  title= {AWS Amazon Redshift},
  howpublished = {Web Page},
  timestamp    = {2018-03-24},
  url  = {https://docs.aws.amazon.com/AmazonRDS/latest/UserGuide/USER_WorkingWithAutomatedBackups.html},
}

@Misc{hid-sp18-412-Amazon_Redshift_architecture,
  title= {Amazon Redshift Architecture},
  howpublished = {Web Page},
  timestamp    = {2018-03-24},
  url  = {https://docs.aws.amazon.com/redshift/latest/dg/c_high_level_system_architecture.html},
}

@inproceedings{hid-sp18-412_Gupta_2015_ARC,
 author = {Gupta, Anurag and Agarwal, Deepak and Tan, Derek and Kulesza, Jakub and Pathak, Rahul and Stefani, Stefano and Srinivasan, Vidhya},
 title = {Amazon Redshift and the Case for Simpler Data Warehouses},
 booktitle = {Proceedings of the 2015 ACM SIGMOD International Conference on Management of Data},
 series = {SIGMOD '15},
 year = {2015},
 isbn = {978-1-4503-2758-9},
 location = {Melbourne, Victoria, Australia},
 pages = {1917--1923},
 numpages = {7},
 url = {http://doi.acm.org/10.1145/2723372.2742795},
 doi = {10.1145/2723372.2742795},
 acmid = {2742795},
 publisher = {ACM},
 address = {New York, NY, USA},
 keywords = {amazon redshift, columnar database:redshift:data warehousing:mpp},
} 

@Misc{hid-sp18-412-Amazon_Redshift_Pricing,
  title= {Amazon Redshift Pricing},
  howpublished = {Web Page},
  timestamp    = {2018-03-24},
  url  = {https://aws.amazon.com/redshift/pricing/},
}

@Misc{hid-sp18-412-what-is-amazon-redshift-aws,
  title= {Amazon Redhsift AWS},
  howpublished = {Web Page},
  timestamp    = {2018-03-24},
  url  = {https://www.matillion.com/redshift/what-is-amazon-redshift-aws/},
}

@Comment{jabref-meta: databaseType:bibtex;}
